@misc{cryptoeprint:2020/367,
      author = {Marcel Tiepelt and Jan-Pieter D'Anvers},
      title = {Exploiting Decryption Failures in Mersenne Number Cryptosystems},
      howpublished = {Cryptology ePrint Archive, Paper 2020/367},
      year = {2020},
      doi = {10.1145/3384940.3388957},
      note = {\url{https://eprint.iacr.org/2020/367}},
      url = {https://eprint.iacr.org/2020/367}
}

@misc{cryptoeprint:2019/292,
      author = {Jan-Pieter D'Anvers and Marcel Tiepelt and Frederik Vercauteren and Ingrid Verbauwhede},
      title = {Timing attacks on Error Correcting Codes in Post-Quantum Schemes},
      howpublished = {Cryptology ePrint Archive, Paper 2019/292},
      year = {2019},
      note = {\url{https://eprint.iacr.org/2019/292}},
      url = {https://eprint.iacr.org/2019/292}
}

@inproceedings{DBLP:conf/eurosp/MaurerGGGTSR21open,
  author       = {Nils M{\"{a}}urer and
                  Thomas Gr{\"{a}}upl and
                  Christoph Gentsch and
                  Tobias Guggemos and
                  Marcel Tiepelt and
                  Corinna Schmitt and
                  Gabi Dreo Rodosek},
  title        = {A Secure Cell-Attachment Procedure of {LDACS}},
  booktitle    = {{IEEE} European Symposium on Security and Privacy Workshops, EuroS{\&}P
                  2021, Vienna, Austria, September 6-10, 2021},
  pages        = {113--122},
  publisher    = {{IEEE}},
  year         = {2021},
  url          = {https://elib.dlr.de/142721/1/2021___SRCNAS___A_Secure_Cell_Attachment_Procedure_of_LDACS.pdf},
}

@misc{cryptoeprint:2023/1513,
      author = {Marcel Tiepelt and Edward Eaton and Douglas Stebila},
      title = {Making an Asymmetric PAKE Quantum-Annoying by Hiding Group Elements},
      howpublished = {Cryptology ePrint Archive, Paper 2023/1513},
      year = {2023},
      doi = {10.1007/978-3-031-50594-2_9},
      note = {\url{https://eprint.iacr.org/2023/1513}},
      url = {https://eprint.iacr.org/2023/1513}
}

@misc{cryptoeprint:2023/1423,
      author = {Nina Bindel and Xavier Bonnetain and Marcel Tiepelt and Fernando Virdia},
      title = {Quantum Lattice Enumeration in Limited Depth},
      howpublished = {Cryptology ePrint Archive, Paper 2023/1423},
      year = {2023},
      note = {\url{https://eprint.iacr.org/2023/1423}},
      url = {https://eprint.iacr.org/2023/1423}
}

@misc{cryptoeprint:2021/1484,
      author = {Robin M.  Berger and Marcel Tiepelt},
      title = {On Forging SPHINCS+-Haraka Signatures on a Fault-tolerant Quantum Computer},
      howpublished = {Cryptology ePrint Archive, Paper 2021/1484},
      year = {2021},
      doi = {10.1007/978-3-030-88238-9_3},
      note = {\url{https://eprint.iacr.org/2021/1484}},
      url = {https://eprint.iacr.org/2021/1484}
}

@misc{cryptoeprint:2019/1027,
      author = {Marcel Tiepelt and Alan Szepieniec},
      title = {Quantum {LLL} with an Application to Mersenne Number Cryptosystems},
      howpublished = {Cryptology ePrint Archive, Paper 2019/1027},
      year = {2019},
      doi = {10.1007/978-3-030-30530-7_1},
      note = {\url{https://eprint.iacr.org/2019/1027}},
      url = {https://eprint.iacr.org/2019/1027}
}


@misc{cryptoeprint:2024/1096,
      author = {Marcel Tiepelt and Christian Martin and Nils Maeurer},
      title = {Post-Quantum Ready Key Agreement for Aviation},
      howpublished = {Cryptology ePrint Archive, Paper 2024/1096},
      year = {2024},
      doi = {10.62056/aebn2isfg},
      note = {\url{https://eprint.iacr.org/2024/1096}},
      url = {https://eprint.iacr.org/2024/1096}
}
